<collection xmlns="http://www.loc.gov/MARC21/slim">
<record>
  <leader>01429nam a2200373 a 4500</leader>
  <controlfield tag="001">3177547</controlfield>
  <controlfield tag="007">he amb---bbcp</controlfield>
  <controlfield tag="007">he bmb---baap</controlfield>
  <controlfield tag="008">880112s1878    xx      bc    000 0 fre d</controlfield>
  <datafield tag="020" ind1=" " ind2=" ">
    <subfield code="a">0665287062</subfield>
  </datafield>
  <datafield tag="035" ind1=" " ind2=" ">
    <subfield code="a">ocm18149394</subfield>
  </datafield>
  <datafield tag="040" ind1=" " ind2=" ">
    <subfield code="a">CaOOCIHM</subfield>
    <subfield code="b">eng</subfield>
    <subfield code="c">CaOOCIHM</subfield>
    <subfield code="d">AEU</subfield>
  </datafield>
  <datafield tag="043" ind1=" " ind2=" ">
    <subfield code="a">n-cn---</subfield>
  </datafield>
  <datafield tag="082" ind1="0" ind2=" ">
    <subfield code="a">659.1/52</subfield>
    <subfield code="2">19</subfield>
  </datafield>
  <datafield tag="090" ind1=" " ind2=" ">
    <subfield code="a">FC 02 0203 no. 28706</subfield>
    <subfield code="b">AEU</subfield>
  </datafield>
  <datafield tag="245" ind1="0" ind2="0">
    <subfield code="a">Catalogue of goods sent by Canadian exhibitors via New York by ocean steamer to Havre</subfield>
    <subfield code="h">[microform].</subfield>
  </datafield>
  <datafield tag="260" ind1=" " ind2=" ">
    <subfield code="a">[S.l. :</subfield>
    <subfield code="b">s.n.,</subfield>
    <subfield code="c">1878?]</subfield>
  </datafield>
  <datafield tag="300" ind1=" " ind2=" ">
    <subfield code="a">1 microfiche (7 fr.).</subfield>
  </datafield>
  <datafield tag="490" ind1="1" ind2=" ">
    <subfield code="a">CIHM/ICMH Microfiche series = CIHM/ICMH collection de microfiches ;</subfield>
    <subfield code="v">no. 28706</subfield>
  </datafield>
  <datafield tag="500" ind1=" " ind2=" ">
    <subfield code="a">At head of title: Paris Universal Exposition, 1878.</subfield>
  </datafield>
  <datafield tag="533" ind1=" " ind2=" ">
    <subfield code="a">Filmed from a copy of the original publication held by the Séminaire de Québec, Bibliothèque.</subfield>
    <subfield code="b">Ottawa :</subfield>
    <subfield code="c">Canadian Institute for Historical Microreproductions,</subfield>
  </datafield>
<!-- No separator at end of field length=173 -->
  <datafield tag="534" ind1="1" ind2="9">
    <subfield code="7">.</subfield>
  </datafield>
<!-- Separator but not at end of field length=19 -->
  <datafield tag="596" ind1="5" ind2=" ">
    <subfield code="m">.</subfield>
  </datafield>
<!-- Separator but not at end of field length=7 -->
<!-- Bad indicator data. Skipping 2 bytes -->
  <datafield tag="610" ind1="a" ind2="4">
  </datafield>
<!-- Separator but not at end of field length=44 -->
  <datafield tag="610" ind1="8" ind2="7">
    <subfield code=")">.</subfield>
  </datafield>
<!-- Separator but not at end of field length=44 -->
  <datafield tag="650" ind1="8" ind2="7">
    <subfield code=")">.</subfield>
  </datafield>
<!-- Separator but not at end of field length=26 -->
  <datafield tag="650" ind1="c" ind2="i">
    <subfield code="l">.</subfield>
  </datafield>
<!-- Separator but not at end of field length=17 -->
  <datafield tag="650" ind1="i" ind2="o">
    <subfield code="s">.</subfield>
  </datafield>
<!-- Separator but not at end of field length=28 -->
  <datafield tag="650" ind1="i" ind2="a">
    <subfield code="x">.</subfield>
  </datafield>
<!-- Separator but not at end of field length=17 -->
  <datafield tag="711" ind1="i" ind2="o">
    <subfield code="s">.</subfield>
  </datafield>
<!-- Separator but not at end of field length=44 -->
  <datafield tag="830" ind1="1" ind2="8">
    <subfield code="8">)</subfield>
  </datafield>
<!-- Separator but not at end of field length=45 -->
  <datafield tag="949" ind1="2" ind2="8">
    <subfield code="0">6</subfield>
  </datafield>
<!-- Separator but not at end of field length=22 -->
  <datafield tag="016" ind1="M" ind2="M">
    <subfield code="R">E</subfield>
  </datafield>
<!-- Separator but not at end of field length=15 -->
  <datafield tag="926" ind1="1" ind2="1">
    <subfield code="1">2</subfield>
  </datafield>
<!-- Separator but not at end of field length=58 -->
</record>
</collection>
